% This file was created with JabRef 2.10b2.
% Encoding: UTF-8


@Book{Shiryayev,
  Title                    = {Probability},
  Author                   = {Shiryayev, A.N.},
  Publisher                = {Springer},
  Year                     = {1984},

  Owner                    = {antalcides},
  Timestamp                = {2016.03.10}
}
@misc{ wiki:xxx,
   autor = "Wikilibros",
   título = "Estadística en Microcomputadores --- Wikilibros{,} ",
   año = "2015",
   url = "\url{https://es.wikibooks.org/w/index.php?title=Estad%C3%ADstica_en_Microcomputadores&oldid=255778}",
   nota = "[En línea; consultado el 12-marzo-2016]"
 }


